@article{einstein,
  author =       "Albert Einstein",
  title =        "{Zur Elektrodynamik bewegter K{\"o}rper}. ({German})
                 [{On} the electrodynamics of moving bodies]",
  journal =      "Annalen der Physik",
  volume =       "322",
  number =       "10",
  pages =        "891--921",
  year =         "1905",
  DOI =          "http://dx.doi.org/10.1002/andp.19053221004"
}


@misc{knuthwebsite,
    author    = "Donald Knuth",
    title     = "Knuth: Computers and Typesetting",
    url       = "http://www-cs-faculty.stanford.edu/\~{}uno/abcde.html"
}


@article{blackbox,
    Author = {Ravid Shwartz-Ziv and Naftali Tishby},
    Title = {Opening the Black Box of Deep Neural Networks via Information},
    Year = {2017},
    Eprint = {1703.00810},
    Eprinttype = {arXiv},
}

@article{deeprelaxation,
    author = "Pratik Chaudhari and Adam Oberman and Stanley Osher and Stefano Soatto and Guillaume Carlier",
    title = "Deep Relaxation: Partial Differential Equations for Optimizing Deep Neural Networks",
    DOI = "https://doi.org/10.1007/s40687-018-0148-y",
    year = "2018",
    journal = "Research in the  Mathematical Sciences",
    volume = "5",
    number = "30"
    }

@article{thermo,
    author = {Sebastian Goldt and Udo Seifert},
    title = "Stochastic Thermodynamics of Learning",
    DOI = "https://doi.org/10.1103/PhysRevLett.118.010601",
    year = "2017",
    journal = "Physical Review Letters",
    volume = "118",
    }

@article{meanfield,
    title = "A Mean-Field Optimal Control Formulation of Deep Learning",
    author = "Weinan E and Jiequn Han and Qianxial Li",
    year = "2018",
    url = "arXiv:1807.01083 "
    }

@article{voicerecog_history,
    title = "The machines that learned to listen",
    author = "Katia Moskvitch",
    year = "2017",
    month = "February",
    journal = "BBC Future",
    howpublished = {\url{http://www.bbc.com/future/story/20170214-the-machines-that-learned-to-listen}}
    }

@article{asr_at_home,
    title = {I live with Alexa, Google Assistant and Siri. Here's which one you should pick.},
    author = {Geoffrey Fowler},
    year = "2018",
    month = "November",
    journal = "The Washington Post: The Switch Review",
    howpublished = {\url{https://www.washingtonpost.com/technology/2018/11/21/i-live-with-alexa-google-assistant-siri-heres-which-you-should-pick/?noredirect=on&utm_term=.6367751690f2}}
    }
@article{rnn1,
    title={Attractor dynamics and parallelism in a connectionist seuential machine},
    author = {Michael I. Jordan},
    year = {1986},
    journal = {Cognitive Science Conference},
    pages = {531--546}
}
@article{rnn2,
    title = {Learning state space trajectories in recurrent neural networks},
    author = {Barak, A. Pearlmutter},
    year = {1988},
    journal = {Neural Computation},
    volume = {1},
    pages = {263--269}
}

@article{rnn3,
    title = {Finite-state automata and simple recurrent networks},
    author = {Axel Cleeremans and David Servan-Schreiber and James L. McClelland},
    year = {1989},
    journal = {Neural Computation},
    volume = {1},
    number = {3},
    pages = {372--381}
}

@article{lstm1,
    title = {Long Short-Term Memory},
    author = {Sepp Hochreiter and Jürgen Schmidhuber},
    journal = {Neural Computation},
    year = {1997},
    volume = 9,
    number = 8,
    pages = {1735--1780},
    DOI = {https://doi.org/10.1162/neco.1997.9.8.1735}
}

@article{gru1,
  title={Learning to Forget: Continual Prediction with LSTM},
  author={Felix A. Gers and J{\"u}rgen Schmidhuber and Fred A. Cummins},
  journal={Neural Computation},
  year={2000},
  volume={12},
  pages={2451-2471}
}
}

@INPROCEEDINGS{spectralclustering,
    author = {Andrew Y. Ng and Michael I. Jordan and Yair Weiss},
    title = {On Spectral Clustering: Analysis and an algorithm},
    booktitle = {ADVANCES IN NEURAL INFORMATION PROCESSING SYSTEMS },
    year = {2001},
    pages = {849--856},
    publisher = {MIT Press}
}
@INPROCEEDINGS{sparsenmf,
    author={J. {Eggert} and E. {Korner}},
    booktitle={2004 IEEE International Joint Conference on Neural Networks (IEEE Cat. No.04CH37541)},
    title={Sparse coding and NMF},
    year={2004},
    volume={4},
    number={},
    pages={2529-2533 vol.4},
    keywords={matrix decomposition;encoding;sparse coding;NMF;nonnegative matrix factorization;parameter-free method;multivariate data decomposition;sparse coding paradigms;multiplicative algorithm;visual processing map;Europe;Matrix decomposition;Sparse matrices;Time factors;Additives;Principal component analysis;Vector quantization;Visual system;Encoding;Cost function},
    doi={10.1109/IJCNN.2004.1381036},
    ISSN={1098-7576},
    month={July}
}
@inproceedings{singlechannel,
  title={Single-channel speech separation using sparse non-negative matrix factorization},
  author={Mikkel N. Schmidt and Rasmus Kongsgaard Olsson},
  booktitle={INTERSPEECH},
  year={2006}
}

@online{rrnoise,
    author = "Jean-Marc and Xiph.Org and Mozilla",
    title = {RRNoise},
    year = {2017},
    urldate = {2019-04-24},
    url = {https://people.xiph.org/~jm/demo/rnnoise/}
}

@article{pmf,
    author = {Paatero, Pentti and Tapper, Unto},
    title = {Positive matrix factorization: A non-negative factor model with optimal utilization of error estimates of data values},
    journal = {Environmetrics},
    volume = {5},
    number = {2},
    pages = {111-126},
    keywords = {Factor analysis, Principal component analysis, Weighted least squares, Alternating regression, Error estimates, Scaling, Repetitive measurements},
    doi = {10.1002/env.3170050203},
    url = {https://onlinelibrary.wiley.com/doi/abs/10.1002/env.3170050203},
    eprint = {https://onlinelibrary.wiley.com/doi/pdf/10.1002/env.3170050203},
    year = {1994}
}

@article{pmf_chem,
    title = "Source identification of bulk wet deposition in Finland by positive matrix factorization",
    journal = "Atmospheric Environment",
    volume = "29",
    number = "14",
    pages = "1705 - 1718",
    year = "1995",
    issn = "1352-2310",
    doi = "https://doi.org/10.1016/1352-2310(94)00367-T",
    url = "http://www.sciencedirect.com/science/article/pii/135223109400367T",
    author = "Pia Anttila and Pentti Paatero and Unto Tapper and Olli Järvinen",
}

@Article{nmf1,
    author={Lee, Daniel D.
    and Seung, H. Sebastian},
    title={Learning the parts of objects by non-negative matrix factorization},
    journal={Nature},
    year={1999},
    volume={401},
    number={6755},
    pages={788-791},
    issn={1476-4687},
    doi={10.1038/44565},
    url={https://doi.org/10.1038/44565}
}
@inproceedings{nmf2,
    author = {Lee, Daniel D. and Seung, H. Sebastian},
    title = {Algorithms for Non-negative Matrix Factorization},
    booktitle = {Proceedings of the 13th International Conference on Neural Information Processing Systems},
    series = {NIPS'00},
    year = {2000},
    location = {Denver, CO},
    pages = {535--541},
    numpages = {7},
    url = {http://dl.acm.org/citation.cfm?id=3008751.3008829},
    acmid = {3008829},
    publisher = {MIT Press},
    address = {Cambridge, MA, USA},
}

@article{eigenfaces,
    journal = "Journal of Cognitive Neuroscience",
    volume = {3},
    number =1,
    title = {Eigenfaces for recognition},
    author = "Matthew Turk and Alex Pentland",
    year = 1991,
    publisher = {MIT Press},
    pages = {71-86}
}

@article{nmf_denoising,
    title = {Matrix Factorization for Speech Enhancement},
    author = {Peter Li and Yijun Xiao}
}
